<?xml version="1.0" encoding="UTF-8"?><collection xmlns="http://www.loc.gov/MARC21/slim"><record><leader>00362nam--2200145-i-4500</leader><controlfield tag="001">000039577</controlfield><controlfield tag="002">20161230</controlfield><controlfield tag="005">20161230201042</controlfield><controlfield tag="008">060222s1000------------r-----000-0-eng-d</controlfield><datafield ind1=" " ind2=" " tag="080"><subfield code="a">62-52:65.011.5</subfield></datafield><datafield ind1=" " ind2=" " tag="100"><subfield code="a">Rose, J</subfield></datafield><datafield ind1=" " ind2=" " tag="245"><subfield code="a">Utilisations et concequences de l`automatisation</subfield></datafield><datafield ind1=" " ind2=" " tag="260"><subfield code="a">Paris, Dunod, 1970, 146p</subfield></datafield><datafield ind1=" " ind2=" " tag="490"><subfield code="a">Science-poche</subfield></datafield><datafield ind1=" " ind2=" " tag="852"><subfield code="a">45078</subfield></datafield></record></collection>